@inbook{ref:pedro,
	author = "Pedro Alegría",
	title = "Progresiones y sucesiones",
	chapter = "6",
	pages = "51",
	publisher = "Taller de Matemáticas",
	url = "https://www.ehu.eus/~mtpalezp/descargas/olimprogre.pdf"
}

@article{ref:humpty,
	author = "Anant Mudgal",
	title = "A Special Point on the Median",
	journal = "Mathematical Reflections",
	number = "2",
	year = "2017"
}
